<record><leader>00000cas a22000007a 4500</leader><controlfield tag="001">12213389</controlfield><controlfield tag="008">850628d19061917wiudn ne      0    0eng d</controlfield><datafield ind1=" " ind2=" " tag="010"><subfield code="a">sn 85040834 </subfield></datafield><datafield ind1=" " ind2=" " tag="040"><subfield code="a">NPV</subfield><subfield code="b">eng</subfield><subfield code="c">NPV</subfield><subfield code="d">OCLCQ</subfield></datafield><datafield ind1=" " ind2=" " tag="042"><subfield code="a">msc</subfield></datafield><datafield ind1="0" ind2=" " tag="130"><subfield code="a">Daily reporter (Wisconsin Rapids, Wis.)</subfield></datafield><datafield ind1="1" ind2="4" tag="245"><subfield code="a">The daily reporter.</subfield></datafield><datafield ind1=" " ind2=" " tag="260"><subfield code="a">Grand Rapids [i.e. Wisconsin Rapids], Wis. :</subfield><subfield code="b">A.L. Fontaine,</subfield><subfield code="c">-1917.</subfield></datafield><datafield ind1=" " ind2=" " tag="300"><subfield code="a">v.</subfield></datafield><datafield ind1=" " ind2=" " tag="310"><subfield code="a">Daily (except Sun.)</subfield></datafield><datafield ind1="1" ind2=" " tag="362"><subfield code="a">Began with Oct. 1, 1906 issue.</subfield><subfield code="z">cf. Oehlerts, d. Guide to Wis. newspapers.</subfield></datafield><datafield ind1="0" ind2=" " tag="362"><subfield code="a">-tenth year, no. 201 (May 31, 1917).</subfield></datafield><datafield ind1=" " ind2=" " tag="588"><subfield code="a">Description based on: Eighth year, no. 123 (July 7, 1914).</subfield></datafield><datafield ind1=" " ind2=" " tag="752"><subfield code="a">United States</subfield><subfield code="b">Wisconsin</subfield><subfield code="c">Wood</subfield><subfield code="d">Wisconsin Rapids.</subfield></datafield><datafield ind1=" " ind2=" " tag="752"><subfield code="a">United States</subfield><subfield code="b">Wisconsin</subfield><subfield code="c">Wood</subfield><subfield code="d">Grand Rapids.</subfield></datafield><datafield ind1="0" ind2="4" tag="785"><subfield code="t">Daily leader (Wisconsin Rapids, Wis.)</subfield><subfield code="w">(DLC)sn 87082093</subfield></datafield></record>